@book{Leyton-Brown:2008:EGT:1481632,
 author = {Leyton-Brown, Kevin and Shoham, Yoav},
 title = {Essentials of Game Theory: A Concise, Multidisciplinary Introduction},
 year = {2008},
 isbn = {1598295934, 9781598295931},
 edition = {1st},
 publisher = {Morgan and Claypool Publishers},
} 
@misc{mixedstr,
	title={Game Theory 101: The Mixed Strategy Algorithm },
	author={William Spaniel},
	howpublished={\url{https://www.youtube.com/watch?v=YRECCg7B_L0}}
}
